@misc{fisher-perkins-walker-wolfart:2003,
  title   = {Feature Detectors - Roberts Cross Edge Detector},
  url     = {https://homepages.inf.ed.ac.uk/rbf/HIPR2/roberts.htm},
  journal = {homepages.inf.ed.ac.uk},
  author  = {Fisher, Robert and Perkins, Simon and Walker, Ashley and Wolfart, Erik},
  year    = {2003}
}
@misc{sofiane-sahir:2019,
  title     = {Canny Edge Detection Step by Step in Python â€” Computer Vision},
  url       = {https://towardsdatascience.com/canny-edge-detection-step-by-step-in-python-computer-vision-b49c3a2d8123},
  journal   = {Towards Data Science},
  publisher = {Towards Data Science},
  author    = {Sofiane Sahir},
  year      = {2019},
  month     = {Jan}
}
@misc{fisher-perkins-walker-wolfart-2:2003,
  title   = {Gaussian Smoothing},
  url     = {https://homepages.inf.ed.ac.uk/rbf/HIPR2/gsmooth.htm},
  journal = {homepages.inf.ed.ac.uk},
  author  = {Fisher, Robert and Perkins, Simon and Walker, Ashley and Wolfart, Erik},
  year    = {2003}
}
@misc{scipy-examples:2021,
  title   = {scipy.ndimage.gaussian_filter},
  url     = {https://docs.scipy.org/doc/scipy/reference/generated/scipy.ndimage.gaussian_filter.html},
  journal = {SciPy Documentation},
  author  = {Sphinx},
  year    = {2021}
}
@misc{collins:2007,
  title     = {Lecture 11: LoG and DoG Filters},
  url       = {http://www.cse.psu.edu/~rtc12/CSE486/lecture11.pdf},
  journal   = {CSE/EE486 Computer Vision I},
  publisher = {Penn State University},
  author    = {Collins, Robert},
  year      = {2007},
  month     = {Sep}
}
@misc{parikh:2020,
  title   = {Edge Detection using Laplacian Filter},
  url     = {https://iq.opengenus.org/laplacian-filter/},
  journal = {OpenGenus IQ: Computing Expertise & Legacy},
  author  = {Parikh, Dishant},
  year    = {2020},
  month   = {Jun}
}