@book{altphotos:2017,
  title   = {Man Watching the Amazing Starry Sky at Night},
  url     = {https://altphotos.com/photo/man-watching-the-amazing-starry-sky-at-night-1759/},
  journal = {Altphotos},
  author  = {Altphotos},
  year    = {2017},
  month   = {7}
}

@article{bird:2014,
  author  = {Lishchuk, Roman and Kucheruk, Volodymyr and Kurytnik, Igor},
  year    = {2014},
  month   = {06},
  pages   = {72-75},
  title   = {Adaptive binarization with non-uniform image illumination},
  volume  = {6},
  journal = {Pomiary. Automatyka. Robotyka},
  doi     = {10.14313/PAR_208/72}
}

@misc{greensted:2010,
  title   = {Otsu Thresholding - The Lab Book Pages},
  url     = {http://www.labbookpages.co.uk/software/imgProc/otsuThreshold.html},
  journal = {www.labbookpages.co.uk},
  author  = {Greensted, Andrew},
  year    = {2010},
  month   = {6}
}

@misc{kang-and-atul:2019,
  title   = {Limitations of otsu method},
  url     = {https://theailearner.com/tag/limitations-of-otsu-method/},
  journal = {TheAILearner},
  author  = {Kang and Atul},
  year    = {2019},
  month   = {7}
}

@article{qrcode:2012,
  author  = {Arumugham, Rajamani and Vellingiri, Krishnaveni and Habeebrakuman, Wassim and Mohan, Kalaikamal},
  year    = {2012},
  month   = {11},
  pages   = {185-191},
  title   = {A new denoising approach for the removal of impulse noise from color images and video sequences},
  volume  = {31},
  journal = {Image Analysis and Stereology},
  doi     = {10.5566/ias.v31.p185-191}
}

@misc{scipy-lectures:2020,
  title   = {3.3.9.7. Otsu Thresholding},
  url     = {http://scipy-lectures.org/packages/scikit-image/auto_examples/plot_threshold.html},
  journal = {Scipy Lecture Notes},
  author  = {Scipy_Lectures},
  year    = {2020}
}

@misc{tay:2020,
  title   = {Otsu’s Method},
  url     = {https://www.youtube.com/watch?v=jUUkMaNuHP8},
  journal = {www.youtube.com},
  author  = {Tay, Jian},
  year    = {2020},
  month   = {9}
}

@misc{wikipedia-contributors:2020,
  title     = {Otsu’s method},
  url       = {"https://en.wikipedia.org/wiki/Otsu%27s_method"},
  journal   = {Wikipedia},
  publisher = {Wikimedia Foundation},
  author    = {Wikipedia_Contributors},
  year      = {2020},
  month     = {8}
}