@misc{sta:2000,
  title   = {Square Tracing Algorithm},
  url     = {http://www.imageprocessingplace.com/downloads_V3/root_downloads/tutorials/contour_tracing_Abeer_George_Ghuneim/square.html},
  journal = {http://www.imageprocessingplace.com/downloads_V3/root_downloads/tutorials/contour_tracing_Abeer_George_Ghuneim/},
  author  = {Ghuneim, Abeer George},
  year    = {2000}
}

@misc{dc:2000,
  title   = {Defining Connectivity},
  url     = {http://www.imageprocessingplace.com/downloads_V3/root_downloads/tutorials/contour_tracing_Abeer_George_Ghuneim/connectivity.html},
  journal = {http://www.imageprocessingplace.com/downloads_V3/root_downloads/tutorials/contour_tracing_Abeer_George_Ghuneim/},
  author  = {Ghuneim, Abeer George},
  year    = {2000}
}

@misc{mnt:2000,
  title   = {Moore-Neighbor Tracing},
  url     = {http://www.imageprocessingplace.com/downloads_V3/root_downloads/tutorials/contour_tracing_Abeer_George_Ghuneim/moore.html},
  journal = {http://www.imageprocessingplace.com/downloads_V3/root_downloads/tutorials/contour_tracing_Abeer_George_Ghuneim/},
  author  = {Ghuneim, Abeer George},
  year    = {2000}
}

@misc{gct:2010,
  title   = {CHAPTER 2 GRIDS, CONNECTIVITY AND CONTOUR TRACING},
  url     = {http://www-cgrl.cs.mcgill.ca/~godfried/teaching/mir-reading-assignments/Chapter-2-Grids-Connectivity-Contour-Tracing.pdf},
  journal = {http://www-cgrl.cs.mcgill.ca/~godfried/teaching/},
  author  = {Toussaint, Godfried},
  year    = {2010}
}